%YAML 1.1
%TAG !u! tag:unity3d.com,2011:
--- !u!1 &2475441502646374936
GameObject:
  m_ObjectHideFlags: 0
  m_CorrespondingSourceObject: {fileID: 0}
  m_PrefabInstance: {fileID: 0}
  m_PrefabAsset: {fileID: 0}
  serializedVersion: 6
  m_Component:
  - component: {fileID: 2475441502646374939}
  - component: {fileID: 2475441502646374949}
  - component: {fileID: 2475441502646374938}
  - component: {fileID: 2475441502646374951}
  - component: {fileID: 2475441502646374948}
  - component: {fileID: 2475441502646374950}
  - component: {fileID: 2475441502646374945}
  m_Layer: 0
  m_Name: '[FX] Receive Hit'
  m_TagString: Untagged
  m_Icon: {fileID: 0}
  m_NavMeshLayer: 0
  m_StaticEditorFlags: 0
  m_IsActive: 1
--- !u!4 &2475441502646374939
Transform:
  m_ObjectHideFlags: 0
  m_CorrespondingSourceObject: {fileID: 0}
  m_PrefabInstance: {fileID: 0}
  m_PrefabAsset: {fileID: 0}
  m_GameObject: {fileID: 2475441502646374936}
  m_LocalRotation: {x: 0, y: 0, z: 0, w: 1}
  m_LocalPosition: {x: 0, y: 0, z: 0}
  m_LocalScale: {x: 1, y: 1, z: 1}
  m_Children: []
  m_Father: {fileID: 0}
  m_RootOrder: 0
  m_LocalEulerAnglesHint: {x: 0, y: 0, z: 0}
--- !u!114 &2475441502646374949
MonoBehaviour:
  m_ObjectHideFlags: 0
  m_CorrespondingSourceObject: {fileID: 0}
  m_PrefabInstance: {fileID: 0}
  m_PrefabAsset: {fileID: 0}
  m_GameObject: {fileID: 2475441502646374936}
  m_Enabled: 1
  m_EditorHideFlags: 0
  m_Script: {fileID: 11500000, guid: 0cd269670c58af640b87e92563f8fdd5, type: 3}
  m_Name: 
  m_EditorClassIdentifier: 
  Targets:
  - {fileID: 0}
--- !u!114 &2475441502646374938
MonoBehaviour:
  m_ObjectHideFlags: 0
  m_CorrespondingSourceObject: {fileID: 0}
  m_PrefabInstance: {fileID: 0}
  m_PrefabAsset: {fileID: 0}
  m_GameObject: {fileID: 2475441502646374936}
  m_Enabled: 1
  m_EditorHideFlags: 0
  m_Script: {fileID: 11500000, guid: 8a4ea7d7d67e70a4ea5edb44bd9ccb62, type: 3}
  m_Name: 
  m_EditorClassIdentifier: 
  Material: {fileID: 2100000, guid: 5e3caefab82e707478e984aa2ec216c9, type: 2}
  Color: {r: 1, g: 1, b: 1, a: 1}
  ValueCurve:
    serializedVersion: 2
    m_Curve:
    - serializedVersion: 3
      time: 0
      value: 0.20298895
      inSlope: 340.3811
      outSlope: 340.3811
      tangentMode: 0
      weightedMode: 3
      inWeight: 0
      outWeight: 0.06585652
    - serializedVersion: 3
      time: 0.03457546
      value: 0.78154373
      inSlope: -34.73746
      outSlope: -34.73746
      tangentMode: 0
      weightedMode: 3
      inWeight: 0.32069325
      outWeight: 0.049741693
    - serializedVersion: 3
      time: 0.5021714
      value: 0
      inSlope: -0.006146909
      outSlope: -0.006146909
      tangentMode: 0
      weightedMode: 3
      inWeight: 0.94533443
      outWeight: 0
    m_PreInfinity: 2
    m_PostInfinity: 2
    m_RotationOrder: 4
  ValueMultiplier: 0.75
--- !u!114 &2475441502646374951
MonoBehaviour:
  m_ObjectHideFlags: 0
  m_CorrespondingSourceObject: {fileID: 0}
  m_PrefabInstance: {fileID: 0}
  m_PrefabAsset: {fileID: 0}
  m_GameObject: {fileID: 2475441502646374936}
  m_Enabled: 1
  m_EditorHideFlags: 0
  m_Script: {fileID: 11500000, guid: 8a4ea7d7d67e70a4ea5edb44bd9ccb62, type: 3}
  m_Name: 
  m_EditorClassIdentifier: 
  Material: {fileID: 2100000, guid: 5e3caefab82e707478e984aa2ec216c9, type: 2}
  Color: {r: 0.41176474, g: 0.9568628, b: 0.7490196, a: 1}
  ValueCurve:
    serializedVersion: 2
    m_Curve:
    - serializedVersion: 3
      time: 0
      value: 0.19761942
      inSlope: 54.49993
      outSlope: 54.49993
      tangentMode: 0
      weightedMode: 3
      inWeight: 0
      outWeight: 0.03795066
    - serializedVersion: 3
      time: 0.12953079
      value: 0.27643183
      inSlope: -8.987818
      outSlope: -8.987818
      tangentMode: 0
      weightedMode: 3
      inWeight: 0.19958606
      outWeight: 0.033963308
    - serializedVersion: 3
      time: 1
      value: 0
      inSlope: -0.006146909
      outSlope: -0.006146909
      tangentMode: 0
      weightedMode: 3
      inWeight: 0.94533443
      outWeight: 0
    m_PreInfinity: 2
    m_PostInfinity: 2
    m_RotationOrder: 4
  ValueMultiplier: 1
--- !u!114 &2475441502646374948
MonoBehaviour:
  m_ObjectHideFlags: 0
  m_CorrespondingSourceObject: {fileID: 0}
  m_PrefabInstance: {fileID: 0}
  m_PrefabAsset: {fileID: 0}
  m_GameObject: {fileID: 2475441502646374936}
  m_Enabled: 1
  m_EditorHideFlags: 0
  m_Script: {fileID: 11500000, guid: cd94682e93335574eb77a7dd6989fb8a, type: 3}
  m_Name: 
  m_EditorClassIdentifier: 
  ValueCurve:
    serializedVersion: 2
    m_Curve:
    - serializedVersion: 3
      time: 0
      value: 0.698866
      inSlope: -1
      outSlope: 27.99827
      tangentMode: 1
      weightedMode: 3
      inWeight: 0
      outWeight: 0.11195159
    - serializedVersion: 3
      time: 0.039307375
      value: 0.8800573
      inSlope: -35.666447
      outSlope: -53.463123
      tangentMode: 1
      weightedMode: 3
      inWeight: 0.07321836
      outWeight: 0.03414939
    - serializedVersion: 3
      time: 0.45337248
      value: 0.0012054443
      inSlope: 0.0037705377
      outSlope: 0.0037705377
      tangentMode: 0
      weightedMode: 3
      inWeight: 0.9838319
      outWeight: 0
    m_PreInfinity: 2
    m_PostInfinity: 2
    m_RotationOrder: 4
  ValueMultiplier: 0.15
  PerlinSpeed: 15
--- !u!114 &2475441502646374950
MonoBehaviour:
  m_ObjectHideFlags: 0
  m_CorrespondingSourceObject: {fileID: 0}
  m_PrefabInstance: {fileID: 0}
  m_PrefabAsset: {fileID: 0}
  m_GameObject: {fileID: 2475441502646374936}
  m_Enabled: 1
  m_EditorHideFlags: 0
  m_Script: {fileID: 11500000, guid: 15413342a60026840bdde6b1d8a66756, type: 3}
  m_Name: 
  m_EditorClassIdentifier: 
  ValueCurve:
    serializedVersion: 2
    m_Curve:
    - serializedVersion: 3
      time: 0
      value: 0.25583905
      inSlope: -1
      outSlope: 118.865616
      tangentMode: 1
      weightedMode: 3
      inWeight: 0
      outWeight: 0.05556964
    - serializedVersion: 3
      time: 0.098709464
      value: 0.68332326
      inSlope: -26.1431
      outSlope: -25.671225
      tangentMode: 1
      weightedMode: 3
      inWeight: 0.14075333
      outWeight: 0.049432646
    - serializedVersion: 3
      time: 0.5001277
      value: 0.0012054443
      inSlope: -0.0023908035
      outSlope: -0.0023908035
      tangentMode: 0
      weightedMode: 3
      inWeight: 0.9210006
      outWeight: 0
    m_PreInfinity: 2
    m_PostInfinity: 2
    m_RotationOrder: 4
  ValueMultiplier: 0.175
--- !u!114 &2475441502646374945
MonoBehaviour:
  m_ObjectHideFlags: 0
  m_CorrespondingSourceObject: {fileID: 0}
  m_PrefabInstance: {fileID: 0}
  m_PrefabAsset: {fileID: 0}
  m_GameObject: {fileID: 2475441502646374936}
  m_Enabled: 1
  m_EditorHideFlags: 0
  m_Script: {fileID: 11500000, guid: 9a423f6fd0480184dbafa566fdd08ddb, type: 3}
  m_Name: 
  m_EditorClassIdentifier: 
  ValueCurve:
    serializedVersion: 2
    m_Curve:
    - serializedVersion: 3
      time: 0
      value: 0.25583905
      inSlope: -1
      outSlope: 118.865616
      tangentMode: 1
      weightedMode: 3
      inWeight: 0
      outWeight: 0.05556964
    - serializedVersion: 3
      time: 0.098709464
      value: 0.68332326
      inSlope: -26.1431
      outSlope: -25.671225
      tangentMode: 1
      weightedMode: 3
      inWeight: 0.14075333
      outWeight: 0.049432646
    - serializedVersion: 3
      time: 0.5001277
      value: 0.0012054443
      inSlope: -0.0023908035
      outSlope: -0.0023908035
      tangentMode: 0
      weightedMode: 3
      inWeight: 0.9210006
      outWeight: 0
    m_PreInfinity: 2
    m_PostInfinity: 2
    m_RotationOrder: 4
  ValueMultiplier: 0.06
